@techreport{eCOMPASS_TR_005,
    author		=	{Georgia Mali, Panagiotis Michail, Andreas Paraskevopoulos, and Christos Zaroliagis},
    title		=	{A New Dynamic Graph Structure for
    Large-Scale Transportation Networks},
    institution	=	{eCOMPASS},
    year		=	{2012},
    month		=	{Wrzesień},
    chapter		=	{4},
    pages		=	{7-10}
}

@book{Cormen,
 author = {Thomas H. Cormen, Charles E. Leiserson, Ronald L. Rivest, Clifford Stein },
 title = {Wprowadzenie do algorytmów},
 year = {2014},
 isbn = {9788301169114},
 edition = {7},
 publisher = {Wydawnictwo Naukowe PWN},
} 

@book{Ahuja:1993:NFT:137406,
 author = {Ahuja, Ravindra K. and Magnanti, Thomas L. and Orlin, James B.},
 title = {Network Flows: Theory, Algorithms, and Applications},
 year = {1993},
 isbn = {0-13-617549-X},
 publisher = {Prentice-Hall, Inc.},
 address = {Upper Saddle River, NJ, USA},
} 

@techreport{OR,
    author		=	{Ravindra K. Ahuja, Thomas L. Magnanti, James B. Orlin},
    title		=	{Some Recent Advances in Network Flows},
    institution	=	{Massachusetts Institute of Technology},
    year		=	{1989},
    month		=	{Październik},
}

@book{Ahuja:1993:NFT:137406,
 author = {Ahuja, Ravindra K. and Magnanti, Thomas L. and Orlin, James B.},
 title = {Network Flows: Theory, Algorithms, and Applications},
 year = {1993},
 isbn = {0-13-617549-X},
 publisher = {Prentice-Hall, Inc.},
 address = {Upper Saddle River, NJ, USA},
} 

@techreport{TaDS,
    author		=	{Alfs T. Berztiss},
    title		=	{Trees and data structures},
    institution	=	{Departament of Computing Science, University of Wollongong},
    year		=	{1979}
}

@article{GIDA,
    author    = {F. Benjamin Zhan},
    title     = {Three Fastest Shortest Path Algorithms on Real Road
    Networks: Data Structures and Procedures},
    journal   = {Journal of Geographic Information and Decision Analysis},
    volume   = {1},
    number   = {1},
    pages    = {70-82},
    year      = {1997}
}

@mastersthesis{Dissertation,
    author    = {Ulrich Meyer},
    title     = {Design and Analysis of Sequential and Parallel
    Single–Source Shortest–Paths Algorithms},
    school    = {Universit\"{a}t des Saarlande},
    type     = {Dissertation},
    year      = {2002},
    month    = {10}
}

@book{NetOpt,
 author = { Panos M. Pardalos, Donald Hearn, William W. Hager },
 title = {Network Optimization},
 year = {1997},
 isbn = {9783540625414},
 publisher = {Springer},
} 